<mx:record xmlns="http://www.w3.org/TR/xhtml1/strict" xmlns:mx="http://www.loc.gov/MARC21/slim" xmlns:xsi="http://www.w3.org/2001/XMLSchema-instance"><mx:leader>00000nz   2200000n  0000</mx:leader><mx:controlfield tag="001">oca05504544 </mx:controlfield><mx:controlfield tag="005">20010607071041.0</mx:controlfield><mx:controlfield tag="008">010606n| acannaab           |a aaa     c</mx:controlfield><mx:datafield ind1=" " ind2=" " tag="010"><mx:subfield code="a">no2001045225</mx:subfield></mx:datafield><mx:datafield ind1=" " ind2=" " tag="040"><mx:subfield code="a">NjP</mx:subfield><mx:subfield code="b">eng</mx:subfield><mx:subfield code="c">NjP</mx:subfield></mx:datafield><mx:datafield ind1="0" ind2=" " tag="100"><mx:subfield code="a">Hippon,</mx:subfield><mx:subfield code="d">5th cent. B.C.</mx:subfield></mx:datafield><mx:datafield ind1="0" ind2=" " tag="400"><mx:subfield code="a">Hipponax,</mx:subfield><mx:subfield code="d">5th cent. B.C.</mx:subfield></mx:datafield><mx:datafield ind1="0" ind2=" " tag="400"><mx:subfield code="a">Ippone,</mx:subfield><mx:subfield code="d">5th cent. B.C.</mx:subfield></mx:datafield><mx:datafield ind1=" " ind2=" " tag="670"><mx:subfield code="a">Sapienza italica, c1998:</mx:subfield><mx:subfield code="b">t.p. (Ippone) p. 70, etc. (philosopher; in Greek he is named Hippōn or Hippōnax)</mx:subfield></mx:datafield><mx:datafield ind1=" " ind2=" " tag="670"><mx:subfield code="a">Oxford class. dict., 3. ed.</mx:subfield><mx:subfield code="b">(Hippon, or Hipponax [not the same as the poet of the same name]; natural philosopher of the Periclean age (5th cent. B.C.); probably came from Samos)</mx:subfield></mx:datafield><mx:datafield ind1=" " ind2=" " tag="999"><mx:subfield code="a">8</mx:subfield></mx:datafield></mx:record>